<?xml version="1.0" encoding="UTF-8"?><collection xmlns="http://www.loc.gov/MARC21/slim"><record><leader>00566nam--2200169-i-4500</leader><controlfield tag="001">000048196</controlfield><controlfield tag="002">20161230</controlfield><controlfield tag="005">20161230201046</controlfield><controlfield tag="008">060222s1000------------r-----000-0-eng-d</controlfield><datafield ind1=" " ind2=" " tag="040"><subfield code="a">IFIN-HH</subfield></datafield><datafield ind1=" " ind2=" " tag="080"><subfield code="a">539.12.162.8(061.3)</subfield></datafield><datafield ind1="1" ind2=" " tag="100"><subfield code="a">Mistry, N.B</subfield></datafield><datafield ind1="1" ind2="0" tag="245"><subfield code="a">Proceedings 1971 international symposium on electron and photon interactions at high energies, cornell university, ithaca, n.y. august 23-27,1971</subfield><subfield code="c">N.b. mistry (ed.)</subfield></datafield><datafield ind1=" " ind2=" " tag="260"><subfield code="a">Ithaca, New York</subfield><subfield code="b">Cornell University</subfield><subfield code="c">1971</subfield></datafield><datafield ind1=" " ind2=" " tag="300"><subfield code="a">353P</subfield></datafield><datafield ind1=" " ind2=" " tag="852"><subfield code="a">78915</subfield><subfield code="c">539.12</subfield></datafield><datafield ind1=" " ind2=" " tag="CAT"><subfield code="a">Sys</subfield><subfield code="c">20120124</subfield><subfield code="h">161234</subfield></datafield></record></collection>